@misc{https://doi.org/10.48550/arXiv.1908.11754,
      title={Fashion Retrieval via Graph Reasoning Networks on a Similarity Pyramid}, 
      author={Zhanghui Kuang and Yiming Gao and Guanbin Li and Ping Luo and Yimin Chen and Liang Lin and Wayne Zhang},
      year={2019},
      eprint={1908.11754},
      archivePrefix={arXiv},
      primaryClass={cs.CV}
}

@misc{https://doi.org/10.48550/arXiv.2005.12566,
      title={Hierarchical Fashion Graph Network for Personalized Outfit Recommendation}, 
      author={Xingchen Li and Xiang Wang and Xiangnan He and Long Chen and Jun Xiao and Tat-Seng Chua},
      year={2020},
      eprint={2005.12566},
      archivePrefix={arXiv},
      primaryClass={cs.IR}
}

@misc{https://doi.org/10.48550/arXiv.1704.01212,
      title={Neural Message Passing for Quantum Chemistry}, 
      author={Justin Gilmer and Samuel S. Schoenholz and Patrick F. Riley and Oriol Vinyals and George E. Dahl},
      year={2017},
      eprint={1704.01212},
      archivePrefix={arXiv},
      primaryClass={cs.LG}
}

@misc{https://doi.org/10.48550/arXiv.1409.4842,
      title={Going Deeper with Convolutions}, 
      author={Christian Szegedy and Wei Liu and Yangqing Jia and Pierre Sermanet and Scott Reed and Dragomir Anguelov and Dumitru Erhan and Vincent Vanhoucke and Andrew Rabinovich},
      year={2014},
      eprint={1409.4842},
      archivePrefix={arXiv},
      primaryClass={cs.CV}
}

@misc{https://doi.org/10.48550/arXiv.1609.02907,
      title={Semi-Supervised Classification with Graph Convolutional Networks}, 
      author={Thomas N. Kipf and Max Welling},
      year={2017},
      eprint={1609.02907},
      archivePrefix={arXiv},
      primaryClass={cs.LG}
}

@misc{https://doi.org/10.48550/arXiv.1706.03762,
      title={Attention Is All You Need}, 
      author={Ashish Vaswani and Noam Shazeer and Niki Parmar and Jakob Uszkoreit and Llion Jones and Aidan N. Gomez and Lukasz Kaiser and Illia Polosukhin},
      year={2023},
      eprint={1706.03762},
      archivePrefix={arXiv},
      primaryClass={cs.CL}
}

@misc{https://doi.org/10.48550/arXiv.1710.10903,
      title={Graph Attention Networks}, 
      author={Petar Veli?kovi? and Guillem Cucurull and Arantxa Casanova and Adriana Romero and Pietro Li? and Yoshua Bengio},
      year={2018},
      eprint={1710.10903},
      archivePrefix={arXiv},
      primaryClass={stat.ML}
}

@misc{
https://doi.org/10.48550/arXiv.1607.06450,
      title={Layer Normalization}, 
      author={Jimmy Lei Ba and Jamie Ryan Kiros and Geoffrey E. Hinton},
      year={2016},
      eprint={1607.06450},
      archivePrefix={arXiv},
      primaryClass={stat.ML}
}


@misc{https://doi.org/10.48550/arXiv.2303.02483,
      title={FAME-ViL: Multi-Tasking Vision-Language Model for Heterogeneous Fashion Tasks}, 
      author={Xiao Han and Xiatian Zhu and Licheng Yu and Li Zhang and Yi-Zhe Song and Tao Xiang},
      year={2023},
      eprint={2303.02483},
      archivePrefix={arXiv},
      primaryClass={cs.CV}
}


@misc{https://doi.org/10.48550/arXiv.2204.04812,
      title={OutfitTransformer: Learning Outfit Representations for Fashion Recommendation}, 
      author={Rohan Sarkar and Navaneeth Bodla and Mariya I. Vasileva and Yen-Liang Lin and Anurag Beniwal and Alan Lu and Gerard Medioni},
      year={2022},
      eprint={2204.04812},
      archivePrefix={arXiv},
      primaryClass={cs.CV}
}


@misc{https://doi.org/10.48550/arXiv.2103.00020,
      title={Learning Transferable Visual Models From Natural Language Supervision}, 
      author={Alec Radford and Jong Wook Kim and Chris Hallacy and Aditya Ramesh and Gabriel Goh and Sandhini Agarwal and Girish Sastry and Amanda Askell and Pamela Mishkin and Jack Clark and Gretchen Krueger and Ilya Sutskever},
      year={2021},
      eprint={2103.00020},
      archivePrefix={arXiv},
      primaryClass={cs.CV}
}

@misc{https://doi.org/10.48550/arXiv.2004.11362,
      title={Supervised Contrastive Learning}, 
      author={Prannay Khosla and Piotr Teterwak and Chen Wang and Aaron Sarna and Yonglong Tian and Phillip Isola and Aaron Maschinot and Ce Liu and Dilip Krishnan},
      year={2021},
      eprint={2004.11362},
      archivePrefix={arXiv},
      primaryClass={cs.LG}
}

@article{scarselli2008graph,
  title={The graph neural network model},
  author={Scarselli, Franco and Gori, Marco and Tsoi, Ah Chung and Hagenbuchner, Markus and Monfardini, Gabriele},
  journal={IEEE transactions on neural networks},
  volume={20},
  number={1},
  pages={61--80},
  year={2008},
  publisher={IEEE}
}


@article{DBLP:journals/corr/HanWJD17,
  author       = {Xintong Han and
                  Zuxuan Wu and
                  Yu{-}Gang Jiang and
                  Larry S. Davis},
  title        = {Learning Fashion Compatibility with Bidirectional LSTMs},
  journal      = {CoRR},
  volume       = {abs/1707.05691},
  year         = {2017},
  url          = {http://arxiv.org/abs/1707.05691},
  eprinttype    = {arXiv},
  eprint       = {1707.05691},
  timestamp    = {Mon, 13 Aug 2018 16:47:58 +0200},
  biburl       = {https://dblp.org/rec/journals/corr/HanWJD17.bib},
  bibsource    = {dblp computer science bibliography, https://dblp.org}
}


@article{shirkhorshidi2015comparison,
  title={A comparison study on similarity and dissimilarity measures in clustering continuous data},
  author={Shirkhorshidi, Ali Seyed and Aghabozorgi, Saeed and Wah, Teh Ying},
  journal={PloS one},
  volume={10},
  number={12},
  pages={e0144059},
  year={2015},
  publisher={Public Library of Science San Francisco, CA USA}
}


@misc{cohen2016group,
      title={Group Equivariant Convolutional Networks}, 
      author={Taco S. Cohen and Max Welling},
      year={2016},
      eprint={1602.07576},
      archivePrefix={arXiv},
      primaryClass={cs.LG}
}


@article{DBLP:journals/corr/NiepertAK16,
  author       = {Mathias Niepert and
                  Mohamed Ahmed and
                  Konstantin Kutzkov},
  title        = {Learning Convolutional Neural Networks for Graphs},
  journal      = {CoRR},
  volume       = {abs/1605.05273},
  year         = {2016},
  url          = {http://arxiv.org/abs/1605.05273},
  eprinttype    = {arXiv},
  eprint       = {1605.05273},
  timestamp    = {Thu, 16 Jun 2022 00:54:43 +0200},
  biburl       = {https://dblp.org/rec/journals/corr/NiepertAK16.bib},
  bibsource    = {dblp computer science bibliography, https://dblp.org}
}

@misc{gilmer2017neural,
      title={Neural Message Passing for Quantum Chemistry}, 
      author={Justin Gilmer and Samuel S. Schoenholz and Patrick F. Riley and Oriol Vinyals and George E. Dahl},
      year={2017},
      eprint={1704.01212},
      archivePrefix={arXiv},
      primaryClass={cs.LG}
}

@misc{bronstein2021geometric,
      title={Geometric Deep Learning: Grids, Groups, Graphs, Geodesics, and Gauges}, 
      author={Michael M. Bronstein and Joan Bruna and Taco Cohen and Petar Veli?kovi?},
      year={2021},
      eprint={2104.13478},
      archivePrefix={arXiv},
      primaryClass={cs.LG}
}


